<marc:record xmlns:marc="http://www.loc.gov/MARC21/slim"><marc:leader>00655nam a22001330a 45 0</marc:leader><marc:controlfield tag="001">307183</marc:controlfield><marc:controlfield tag="003">NL-AMISG</marc:controlfield><marc:controlfield tag="005">19950210234845.0</marc:controlfield><marc:controlfield tag="008">199502suuuuuuuu||||||||||||||||||||||| d</marc:controlfield><marc:datafield ind1=" " ind2=" " tag="035"><marc:subfield code="a">(IISG)IISGb10048232</marc:subfield></marc:datafield><marc:datafield ind1=" " ind2=" " tag="040"><marc:subfield code="a">NL-AmISG</marc:subfield></marc:datafield><marc:datafield ind1="1" ind2="4" tag="245"><marc:subfield code="a">Die wichtigsten Bestimmungen des Kinderschutzgesetzes vom 30. März 1903. [Hrsg. von der] Kinderschutzkommission von Berlin und Umgegend.</marc:subfield></marc:datafield><marc:datafield ind1=" " ind2=" " tag="260"><marc:subfield code="a">Berlin :</marc:subfield><marc:subfield code="b">Barenthin,</marc:subfield><marc:subfield code="c">o.J.</marc:subfield></marc:datafield><marc:datafield ind1=" " ind2=" " tag="300"><marc:subfield code="a">12 S.</marc:subfield></marc:datafield><marc:datafield ind1=" " ind2=" " tag="690"><marc:subfield code="a">D 1362</marc:subfield><marc:subfield code="b">Germany; social history; 19th, 20th century; social policy, social law, social security; children, child labour</marc:subfield><marc:subfield code="c">Duitsland; geschiedenis der sociale toestanden, bewegingen, organisaties en ideeën; de 18e tot 20e eeuw; sociale wetgeving en overheidszorg; kinderarbeid.</marc:subfield></marc:datafield><marc:datafield ind1=" " ind2=" " tag="852"><marc:subfield code="a">IISG</marc:subfield><marc:subfield code="b">IISG</marc:subfield><marc:subfield code="c">IISG</marc:subfield><marc:subfield code="j">D 1362/8</marc:subfield><marc:subfield code="p">N10047740</marc:subfield></marc:datafield><marc:datafield ind1=" " ind2=" " tag="901"><marc:subfield code="a">307183</marc:subfield><marc:subfield code="b">Unknown</marc:subfield><marc:subfield code="c">307183</marc:subfield><marc:subfield code="t">biblio</marc:subfield></marc:datafield><marc:datafield ind1=" " ind2=" " tag="902"><marc:subfield code="a">10622/250B7CA4-9850-4508-A881-0BFFB5E1F929</marc:subfield></marc:datafield></marc:record>